@article{yaggi2006sleep,

  title={Sleep duration as a risk factor for the development of type 2 diabetes},
  
  author={Yaggi, H Klar and Araujo, Andre B and McKinlay, John B},
  
  journal={Diabetes care},
  
  volume={29},
  
  number={3},
  
  pages={657â€“661},
  
  year={2006},
  
  publisher={Am Diabetes Assoc}
}